@article{dorigo1997ant,
  title={Ant colony system: a cooperative learning approach to the traveling salesman problem},
  author={Dorigo, Marco and Gambardella, Luca Maria},
  journal={IEEE Transactions on evolutionary computation},
  volume={1},
  number={1},
  pages={53--66},
  year={1997},
  publisher={IEEE}
}
@article{dantzig1959truck,
  title={The truck dispatching problem},
  author={Dantzig, George B and Ramser, John H},
  journal={Management science},
  volume={6},
  number={1},
  pages={80--91},
  year={1959},
  publisher={Informs}
}	
@article{ahuja1993network,
  title={Network flows: theory, algorithms, and applications},
  author={Ahuja, Ravindra K and Magnanti, Thomas L and Orlin, James B},
  year={1993},
  publisher={Prentice hall}
}
@article{cova2003network,
  title={A network flow model for lane-based evacuation routing},
  author={Cova, Thomas J and Johnson, Justin P},
  journal={Transportation research part A: Policy and Practice},
  volume={37},
  number={7},
  pages={579--604},
  year={2003},
  publisher={Elsevier}
}
@inproceedings{farahmand1997application,
  title={Application of simulation modeling to emergency population evacuation},
  author={Farahmand, Kambiz},
  booktitle={Proceedings of the 29th conference on Winter simulation},
  pages={1181--1188},
  year={1997},
  organization={IEEE Computer Society}
}
@article{ozdamar2004emergency,
  title={Emergency logistics planning in natural disasters},
  author={{\"O}zdamar, Linet and Ekinci, Ediz and K{\"u}{\c{c}}{\"u}kyazici, Beste},
  journal={Annals of operations research},
  volume={129},
  number={1},
  pages={217--245},
  year={2004},
  publisher={Springer}
}
@article{southworth1991regional,
  title={Regional evacuation modeling: a state-of-the-art review},
  author={Southworth, Frank},
  year={1991},
  publisher={Oak Ridge National Laboratory PO Box 2008, Oak Ridge, TN37831}
}
@article{tufekci1995integrated,
  title={An integrated emergency management decision support system for hurricane emergencies},
  author={Tufekci, Suleyman},
  journal={Safety Science},
  volume={20},
  number={1},
  pages={39--48},
  year={1995},
  publisher={Elsevier}
}
@article{Yuan20091081,
  title={Path selection model and algorithm for emergency logistics management},
  author={Yuan, Yuan and Wang, Dingwei},
  journal={Computers \& industrial engineering},
  volume={56},
  number={3},
  pages={1081--1094},
  year={2009},
  publisher={Elsevier}
}
@article{zhang2013route,
  title={Route selection for emergency logistics management: A bio-inspired algorithm},
  author={Zhang, Xiaoge and Zhang, Zili and Zhang, Yajuan and Wei, Daijun and Deng, Yong},
  journal={Safety science},
  volume={54},
  pages={87--91},
  year={2013},
  publisher={Elsevier}
}
@article{tan2011if,
  title={IF-EM: An interval-parameter fuzzy linear programming model for environment-oriented evacuation planning under uncertainty},
  author={Tan, Qian and Huang, Guo H and Wu, Chaozhong and Cai, Yanpeng},
  journal={Journal of Advanced Transportation},
  volume={45},
  number={4},
  pages={286--303},
  year={2011},
  publisher={Wiley Online Library}
}
@article{liu2016evacuation,
  title={Evacuation path optimization based on quantum ant colony algorithm},
  author={Liu, Min and Zhang, Feng and Ma, Yunlong and Pota, Hemanshu Roy and Shen, Weiming},
  journal={Advanced Engineering Informatics},
  volume={30},
  number={3},
  pages={259--267},
  year={2016},
  publisher={Elsevier}
}
@article{forcael2014ant,
  title={Ant colony optimization model for tsunamis evacuation routes},
  author={Forcael, Eric and Gonz{\'a}lez, Vicente and Orozco, Francisco and Vargas, Sergio and Pantoja, Alejandro and Moscoso, Pablo},
  journal={Computer-Aided Civil and Infrastructure Engineering},
  volume={29},
  number={10},
  pages={723--737},
  year={2014},
  publisher={Wiley Online Library}
}
@inproceedings{rahman2007feasible,
  title={Feasible route determination using ant colony optimization in evacuation planning},
  author={Rahman, Arief and Mahmood, Ahmad Kamil},
  booktitle={Research and Development, 2007. SCOReD 2007. 5th Student Conference on},
  pages={1--6},
  year={2007},
  organization={IEEE}
}

@inproceedings{zong2010multi,
  title={Multi-objective ant colony optimization model for emergency evacuation},
  author={Zong, Xinlu and Xiong, Shengwu and Fang, Zhixiang and Lin, Wanru},
  booktitle={Natural Computation (ICNC), 2010 Sixth International Conference on},
  volume={6},
  pages={2774--2778},
  year={2010},
  organization={IEEE}
}
@inproceedings{zong2010multiflow,
  title={Multi-ant colony system for evacuation routing problem with mixed traffic flow},
  author={Zong, Xinlu and Xiong, Shengwu and Fang, Zhixiang and Li, Qiuping},
  booktitle={Evolutionary Computation (CEC), 2010 IEEE Congress on},
  pages={1--6},
  year={2010},
  organization={IEEE}
}
@incollection{ohta2016improved,
  title={An Improved Evacuation Guidance System Based on Ant Colony Optimization},
  author={Ohta, Asuka and Goto, Hirotaka and Matsuzawa, Tomofumi and Takimoto, Munehiro and Kambayashi, Yasushi and Takeda, Masayuki},
  booktitle={Intelligent and Evolutionary Systems},
  pages={15--27},
  year={2016},
  publisher={Springer}
}
@inproceedings{jiang2010improved,
  title={An improved Ant Colony algorithm for urban transit network optimization},
  author={Jiang, Hong and Yu, Qingsong and Huang, Yong},
  booktitle={Natural Computation (ICNC), 2010 Sixth International Conference on},
  volume={5},
  pages={2739--2743},
  year={2010},
  organization={IEEE}
}


@article{zong2014conflict,
  title={A conflict--congestion model for pedestrian--vehicle mixed evacuation based on discrete particle swarm optimization algorithm},
  author={Zong, Xinlu and Xiong, Shengwu and Fang, Zhixiang},
  journal={Computers \& Operations Research},
  volume={44},
  pages={1--12},
  year={2014},
  publisher={Elsevier}
}

@article{izquierdo2009forecasting,
  title={Forecasting pedestrian evacuation times by using swarm intelligence},
  author={Izquierdo, J and Montalvo, I and P{\'e}rez, R and Fuertes, VS},
  journal={Physica A: Statistical Mechanics and its Applications},
  volume={388},
  number={7},
  pages={1213--1220},
  year={2009},
  publisher={Elsevier}
}

@article{zheng2012modeling,
  title={Modeling of pedestrian evacuation based on the particle swarm optimization algorithm},
  author={Zheng, Yaochen and Chen, Jianqiao and Wei, Junhong and Guo, Xiwei},
  journal={Physica A: Statistical Mechanics and its Applications},
  volume={391},
  number={17},
  pages={4225--4233},
  year={2012},
  publisher={Elsevier}
}

@article{xie2011lane,
  title={Lane-based evacuation network optimization: An integrated Lagrangian relaxation and tabu search approach},
  author={Xie, Chi and Turnquist, Mark A},
  journal={Transportation Research Part C: Emerging Technologies},
  volume={19},
  number={1},
  pages={40--63},
  year={2011},
  publisher={Elsevier}
}

@article{saadatseresht2009evacuation,
  title={Evacuation planning using multiobjective evolutionary optimization approach},
  author={Saadatseresht, Mohammad and Mansourian, Ali and Taleai, Mohammad},
  journal={European Journal of Operational Research},
  volume={198},
  number={1},
  pages={305--314},
  year={2009},
  publisher={Elsevier}
}
@article{stepanov2009multi,
  title={Multi-objective evacuation routing in transportation networks},
  author={Stepanov, Alexander and Smith, James MacGregor},
  journal={European Journal of Operational Research},
  volume={198},
  number={2},
  pages={435--446},
  year={2009},
  publisher={Elsevier}
}
@article{fang2011hierarchical,
  title={Hierarchical multi-objective evacuation routing in stadium using ant colony optimization approach},
  author={Fang, Zhixiang and Zong, Xinlu and Li, Qingquan and Li, Qiuping and Xiong, Shengwu},
  journal={Journal of Transport Geography},
  volume={19},
  number={3},
  pages={443--451},
  year={2011},
  publisher={Elsevier}
}
@article{deb2002fast,
  title={A fast and elitist multiobjective genetic algorithm: NSGA-II},
  author={Deb, Kalyanmoy and Pratap, Amrit and Agarwal, Sameer and Meyarivan, TAMT},
  journal={IEEE transactions on evolutionary computation},
  volume={6},
  number={2},
  pages={182--197},
  year={2002},
  publisher={IEEE}
}